%Libros
@book{RN09,
    author = {Russell, S. and Norvig, P.},
    title = {Artificial Intelligence: A Modern Approach},
    year = {2009},
    isbn = {0136042597},
    publisher = {Prentice Hall},
    edition = {3},
}

@book{S09,
    author = {Scott, M.},
    title = {Programming Language Pragmatics},
    year = {2009},
    isbn = {0126339511},
    publisher = {Morgan Kaufmann},
    edition = {3},
}

%Articulos

@article{CM06,
	  author  = {Compton, K. and Mateas, M.},
	  title   = {Procedural Level Design for Platform Games},
	  journal = {Georgia Institute of Technology},
	  year    = {2006},
}

%Varios

@misc{Python,
	Title = {Python},
	howpublished = "\url{http://www.python.org/}, consultado el \today"
}

@misc{XML,
	Title = {XML},
	howpublished = "\url{http://www.xml.com/}, consultado el \today"
}

@misc{JSON,
	Title = {Json},
	howpublished = "\url{http://www.json.org/}, consultado el \today",
}
